<record><leader>00000cas a22000007a 4500</leader><controlfield tag="001">9311702</controlfield><controlfield tag="008">830315d18521853mauwr ne      0    0eng d</controlfield><controlfield tag="009">3768</controlfield><datafield ind1=" " ind2=" " tag="010"><subfield code="a">sn 83020258 </subfield></datafield><datafield ind1=" " ind2=" " tag="040"><subfield code="a">NPX</subfield><subfield code="b">eng</subfield><subfield code="c">NPX</subfield></datafield><datafield ind1="1" ind2=" " tag="029"><subfield code="a">AU@</subfield><subfield code="b">000025789432</subfield></datafield><datafield ind1=" " ind2=" " tag="042"><subfield code="a">msc</subfield></datafield><datafield ind1=" " ind2=" " tag="043"><subfield code="a">n-us-ma</subfield></datafield><datafield ind1="0" ind2="0" tag="245"><subfield code="a">Fitchburg news.</subfield></datafield><datafield ind1=" " ind2=" " tag="260"><subfield code="a">Fitchburg, Mass. :</subfield><subfield code="b">[s.n.],</subfield><subfield code="c">1852-</subfield></datafield><datafield ind1=" " ind2=" " tag="300"><subfield code="a">v. ;</subfield><subfield code="c">61 cm.</subfield></datafield><datafield ind1=" " ind2=" " tag="310"><subfield code="a">Weekly</subfield></datafield><datafield ind1="0" ind2=" " tag="362"><subfield code="a">Vol. 1, no. 1 (Jan. 21, 1852)-</subfield></datafield><datafield ind1="1" ind2=" " tag="362"><subfield code="a">Ceased in June 1853.</subfield><subfield code="z">Cf. Garfield, J.F.D.  Sketch of journalism in Fitchburg, Mass.</subfield></datafield><datafield ind1=" " ind2=" " tag="500"><subfield code="a">Printer: S.P. Warren.</subfield></datafield><datafield ind1=" " ind2=" " tag="500"><subfield code="a">Publishers: Rollins &amp; Knowlton, &lt;Jan. 25-Feb. 8, 1853&gt;; E.F. Rollins, &lt;Feb. 22-Apr. 9, 1853&gt;.</subfield></datafield><datafield ind1=" " ind2=" " tag="500"><subfield code="a">Title varies slightly.</subfield></datafield><datafield ind1=" " ind2=" " tag="500"><subfield code="a">Editor: C. Robinson.</subfield></datafield><datafield ind1="1" ind2=" " tag="700"><subfield code="a">Robinson, Charles.</subfield></datafield><datafield ind1=" " ind2=" " tag="752"><subfield code="a">United States</subfield><subfield code="b">Massachusetts</subfield><subfield code="c">Worcester</subfield><subfield code="d">Fitchburg.</subfield></datafield><datafield ind1=" " ind2=" " tag="936"><subfield code="a">1853 Apr. 9</subfield></datafield></record>